<record><leader>00000cas a22000007a 4500</leader><controlfield tag="001">27057990</controlfield><controlfield tag="008">921203d18941979nyuwr ne      0    0eng d</controlfield><datafield ind1=" " ind2=" " tag="010"><subfield code="a">sn 93063765 </subfield></datafield><datafield ind1=" " ind2=" " tag="040"><subfield code="a">NYS</subfield><subfield code="b">eng</subfield><subfield code="c">NYS</subfield><subfield code="d">OCLCQ</subfield><subfield code="d">OCLCF</subfield><subfield code="d">OCLCO</subfield></datafield><datafield ind1="1" ind2=" " tag="029"><subfield code="a">AU@</subfield><subfield code="b">000020714701</subfield></datafield><datafield ind1=" " ind2=" " tag="042"><subfield code="a">msc</subfield></datafield><datafield ind1=" " ind2=" " tag="043"><subfield code="a">n-us-ny</subfield></datafield><datafield ind1="0" ind2=" " tag="130"><subfield code="a">Ripley review (Ripley, N.Y.)</subfield></datafield><datafield ind1="1" ind2="4" tag="245"><subfield code="a">The Ripley review.</subfield></datafield><datafield ind1="1" ind2="7" tag="246"><subfield code="a">Westfield Republican, Ripley review</subfield><subfield code="f">&lt;1979&gt;</subfield></datafield><datafield ind1=" " ind2=" " tag="260"><subfield code="a">Ripley, N.Y. :</subfield><subfield code="b">Ripley Pub. Co.</subfield></datafield><datafield ind1=" " ind2=" " tag="300"><subfield code="a">v.</subfield></datafield><datafield ind1=" " ind2=" " tag="310"><subfield code="a">Weekly</subfield></datafield><datafield ind1="0" ind2=" " tag="362"><subfield code="a">Vol. 1, no. 1 (May 4, 1894)-no. 13 (July 30, 1979).</subfield></datafield><datafield ind1=" " ind2=" " tag="500"><subfield code="a">Publishers: Ripley Pub. Co., May 1894-&lt;June 1894&gt;; Leroy M. Stringham, &lt;1895&gt;; G.R. Dean, &lt;1903-1904&gt;; P.L. Hawkins, &lt;1908&gt;; C.J. Bellinger, &lt;1911&gt;; James D. Towney, &lt;1960&gt;; Ripley Review, Inc., &lt;1966-1978&gt;.</subfield></datafield><datafield ind1=" " ind2=" " tag="500"><subfield code="a">"An Oasis of liberalism in a desert of conservatism," &lt;1966&gt;.</subfield></datafield><datafield ind1=" " ind2=" " tag="500"><subfield code="a">"Democratic," &lt;1960&gt;.</subfield></datafield><datafield ind1=" " ind2="0" tag="651"><subfield code="a">Ripley (N.Y.)</subfield><subfield code="v">Newspapers.</subfield></datafield><datafield ind1=" " ind2="0" tag="651"><subfield code="a">Chautauqua County (N.Y.)</subfield><subfield code="v">Newspapers.</subfield></datafield><datafield ind1=" " ind2="7" tag="655"><subfield code="a">Newspapers.</subfield><subfield code="2">fast</subfield><subfield code="0">(OCoLC)fst01423814</subfield></datafield><datafield ind1=" " ind2="7" tag="651"><subfield code="a">New York (State)</subfield><subfield code="z">Chautauqua County.</subfield><subfield code="2">fast</subfield><subfield code="0">(OCoLC)fst01213677</subfield></datafield><datafield ind1=" " ind2="7" tag="651"><subfield code="a">New York (State)</subfield><subfield code="z">Ripley.</subfield><subfield code="2">fast</subfield><subfield code="0">(OCoLC)fst01270869</subfield></datafield><datafield ind1=" " ind2=" " tag="752"><subfield code="a">United States</subfield><subfield code="b">New York</subfield><subfield code="c">Chautauqua</subfield><subfield code="d">Ripley.</subfield></datafield><datafield ind1="0" ind2="4" tag="785"><subfield code="t">Westfield Republican</subfield><subfield code="w">(DLC)sn 83031732</subfield><subfield code="w">(OCoLC)10035175</subfield></datafield></record>